% http://en.wikipedia.org/wiki/BibTeX
% http://www.andy-roberts.net/misc/latex/latextutorial3.html

@article{,
	author = "EXAMPLE",
	title = "EXAMPLE",
	journal = "EXAMPLE",
	year = 0000,
	volume = 0,
	number  = 0,
	pages = "0--00"
}

@article{blais,
	author = "Blais, A.",
	title = "What Affects Voter Turnout?",
	journal = "Annual Review of Political Science",
	year = 2006,
	volume = 9,
	pages = "111--125"
}

@article{plutzer,
	author = "Plutzer, E.",
	title = "Becoming a Habitual Voter: Inertia, Resources, and Growth in Young Adulthood",
	journal = "American Political Science Review",
	year = 2002,
	volume = 96,
	number  = 1,
	pages = "41-56"
}

@inbook{dogan,
	author = "Dogan, Mattei and Pellasy, Dominique",
	title = "How To Compare Nations: Strategies in Comparative Politics",
	chapter = "1 and 2",
	pages = "4-23",
	publisher = "Chatham",
	year = 1990
}

@incollection{daalder,
	author = "Daalder, Hans",
	title = "The Development of the Study of Comparative Politics",
	booktitle = "Comparative Democratic Politics: A Guide to Contemporary Theory and Research",
	editor = "Keman, Hans",
	year = 2002,
	publisher = "Sage",
	address = "London"
}

@book{laver,
	author = "Laver, Michael",
	title = "Private Desires, Political Action. An Invitation to the Politics of Rational Choice",
	year = 1997,
	publisher = "Sage",
	address = "London",
	isbn = {0-7619-5115-6},
}

@misc{wiki,
	author = "Wikipedia, the free encyclopedia",
	title = "Public good",
	url = "http://en.wikipedia.org/w/index.php?title=Public_good&oldid=237688536",
	note = "Retrieved from the Internet on 2008-09-15."
}

@unpublished{evert,
	author = "Mouw, Evert",
	title = "Het collectieve brein van de mier",
	note = "In Dutch. Paper for cognitive philosophy (faculty of philosophy, Leiden), online accessible at \url{http://www.animamundi.eu/index.php?c=geest&p=mieren}",
	year = 2006,
	month = 1
}
